@Misc{crymolcad,
  author = 	 {B.L\"uken},
  title = 	 {CryMolCAD},
  howpublished = {Planned to be available soon at
                  http://orion.pt.tu-clausthal.de/paw/},
  OPTmonth = 	 {},
  OPTyear = 	 {},
  note = 	 {Software package for the visualization, analysis and
                  manipulation of Crystal and Molecular Structures as
                  well data-fields},
  OPTannote = 	 {}
}
@Misc{xmgrace,
  author = 	 {P.J. Turner},
  title = 	 {Xmgrace, an xy-plotting tool},
  howpublished = {http://plasma-gate.weizmann.ac.il/Xmgr/},
  OPTmonth = 	 {},
  OPTyear = 	 {},
  OPTnote = 	 {},
  OPTannote = 	 {}
}

@Misc{opendx,
  author = 	 {},
  title = 	 {Open Data explorer (Opendx)},
  howpublished = {http://www.opendx.org/},
  OPTmonth = 	 {},
  OPTyear = 	 {},
  note = 	 {a general-purpose 3D visualization software 
                 derived from the IBM Dataexplorer},
  OPTannote = 	 {}
}

@Misc{mpi,
  author = 	 {},
  title = 	 {Message Passing Interface},
  howpublished = {hhttp://www.osc.edu/Lam/lam.html\#MPI},
  OPTmonth = 	 {},
  OPTyear = 	 {},
  note = 	 {Software for interprocessor
                  communication on parallel computers},
  OPTannote = 	 {}
}

@Misc{fsf,
  author = 	 {},
  title = 	 {Free Software Foundation},
  howpublished = {http://www.gnu.ai.mit.edu/}
  OPTmonth = 	 {},
  OPTyear = 	 {},
  note = 	 {},
  OPTannote = 	 {}
}

@Book{greenbook,
  editor = 	 {I. Mills and T. Cvita\u{s}},
  title = 	 {Quantities, Units and Symbols in Physical Chemistry},
  publisher = 	 {Blackwell Scientific Publications, Oxford},
  year = 	 {1993},
  OPTkey = 	 {},
  OPTvolume = 	 {},
  OPTnumber = 	 {},
  OPTseries = 	 {},
  OPTaddress = 	 {},
  OPTedition = 	 {},
  OPTmonth = 	 {},
  OPTnote = 	 {},
  OPTannote = 	 {}
}

